@article{mixstyle_ref,
  title  = {MixStyle Neural Networks for Domain Generalization and Adaptation},
  author = {Kaiyang Zhou, Yongxin Yang, Tao Xiang},
  year   = {2023}
}

@inproceedings{pacs_ref,
  title     = {Deeper, broader and artier domain generalization},
  author    = {Li, Da and Yang, Yongxin and Song, Yi-Zhe and Hospedales, Timothy M},
  booktitle = {Proceedings of the IEEE international conference on computer vision},
  pages     = {5542--5550},
  year      = {2017}
}

@inproceedings{office-home_ref,
  title     = {Deep hashing network for unsupervised domain adaptation},
  author    = {Venkateswara, Hemanth and Eusebio, Jose and Chakraborty, Shayok and Panchanathan, Sethuraman},
  booktitle = {Proceedings of the IEEE conference on computer vision and pattern recognition},
  pages     = {5018--5027},
  year      = {2017}
}

@article{vgg-16_ref,
  title   = {Very deep convolutional networks for large-scale image recognition},
  author  = {Simonyan, Karen and Zisserman, Andrew},
  journal = {arXiv preprint arXiv:1409.1556},
  year    = {2014}
}

@inproceedings{resnet_ref,
  title     = {Deep residual learning for image recognition},
  author    = {He, Kaiming and Zhang, Xiangyu and Ren, Shaoqing and Sun, Jian},
  booktitle = {Proceedings of the IEEE conference on computer vision and pattern recognition},
  pages     = {770--778},
  year      = {2016}
}